<?xml version="1.0" encoding="UTF-8"?><record xmlns="http://www.loc.gov/MARC21/slim" xmlns:cinclude="http://apache.org/cocoon/include/1.0" xmlns:zs="http://www.loc.gov/zing/srw/">
  <leader>00761cz  a2200181n  4500</leader>
  <controlfield tag="001">n 2002044139</controlfield>
  <controlfield tag="003">DLC</controlfield>
  <controlfield tag="005">20081016081744.0</controlfield>
  <controlfield tag="008">021212n| acannaabn          |b aaa      </controlfield>
  <datafield tag="010" ind1=" " ind2=" ">
    <subfield code="a">n 2002044139</subfield>
  </datafield>
  <datafield tag="035" ind1=" " ind2=" ">
    <subfield code="a">(OCoLC)oca05932865</subfield>
  </datafield>
  <datafield tag="040" ind1=" " ind2=" ">
    <subfield code="a">DLC</subfield>
    <subfield code="b">eng</subfield>
    <subfield code="c">DLC</subfield>
    <subfield code="d">OCoLC</subfield>
  </datafield>
  <datafield tag="100" ind1="1" ind2=" ">
    <subfield code="a">Lavrentʹev, A. M.</subfield>
    <subfield code="q">(Alekseĭ Mikhaĭlovich)</subfield>
  </datafield>
  <datafield tag="400" ind1="1" ind2=" ">
    <subfield code="a">Lavrentʹev, Alekseĭ Mikhaĭlovich</subfield>
  </datafield>
  <datafield tag="400" ind1="1" ind2=" ">
    <subfield code="a">Лаврентьев, А. М.</subfield>
    <subfield code="q">(Алексей Михайлович)</subfield>
  </datafield>
  <datafield tag="667" ind1=" " ind2=" ">
    <subfield code="a">Machine-derived non-Latin script reference project.</subfield>
  </datafield>
  <datafield tag="667" ind1=" " ind2=" ">
    <subfield code="a">Non-Latin script reference not evaluated.</subfield>
  </datafield>
  <datafield tag="670" ind1=" " ind2=" ">
    <subfield code="a">Lavrentʹev, A. M. Kategorii︠a︡ padezha i lingvisticheskai︠a︡ tipologii︠a︡, 2001:</subfield>
    <subfield code="b">t.p. (A.M. Lavrentʹev) colophon (Alekseĭ Mikhaĭlovich Lavrentʹev)</subfield>
  </datafield>
</record>